@Book{Wei2019,
  author    = {Wei, William},
  publisher = {Pearson},
  title     = {Time series analysis univariate and multivariate methods},
  year      = {2019},
  address   = {Boston},
  isbn      = {9780134995366},
}

@Book{Pandit2001,
  author    = {Pandit, Sudhakar},
  publisher = {Krieger Pub. Co},
  title     = {Time series and system analysis with applications},
  year      = {2001},
  address   = {Malabar, Fla},
  isbn      = {1575241692},
}

@Article{Eichler2013,
  author    = {Michael Eichler},
  journal   = {Philosophical Transactions of the Royal Society A: Mathematical, Physical and Engineering Sciences},
  title     = {Causal inference with multiple time series: principles and problems},
  year      = {2013},
  month     = {aug},
  number    = {1997},
  pages     = {20110613},
  volume    = {371},
  doi       = {10.1098/rsta.2011.0613},
  publisher = {The Royal Society},
}

@Book{Wei2019a,
  author    = {Wei, William W. S.},
  publisher = {Wiley},
  title     = {Multivariate Time Series Analysis and Applications},
  year      = {2019},
  isbn      = {1119502853},
  month     = mar,
  ean       = {9781119502852},
  pagetotal = {680},
}

@Book{Lazzeri2021,
  author    = {Lazzeri, Francesca},
  publisher = {John Wiley \& Sons Inc},
  title     = {Machine learning for time series forecasting with {P}ython},
  year      = {2021},
  isbn      = {1119682363},
  month     = feb,
  ean       = {9781119682363},
  pagetotal = {224},
}